

@misc{lapp-heart-disease-dataset-1988,
    author = {{David Lapp}},
    title = {Public Health Dataset for Heart disease prediction},
    year = {1988},
    url = {https://www.kaggle.com/datasets/johnsmith88/heart-disease-dataset}}
}
@article{uor_plagiarism,
  author = {Kumar, P. P. and Chandana, N. L. and Reddy, A. S. V. M. and Rao, D. R.},
  title = {A comprehensive analysis on sentimental data set using machine learning technique},
  journal = {International Journal of Mechanical Engineering and Technology (IJMET)},
  volume = {9},
  number = {1},
  pages = {320--326},
  year = {2018},
  url = {http://iaeme.com/Home/issue/IJMET?Volume=9&Issue=1}
}
@article{toma2023predictive,
  author = {Toma, Milan and Ong Chi Wei},
  title = {Predictive Modeling in Medicine},
  journal = {Encyclopedia},
  volume = {3},
  number = {2},
  pages = {590--601},
  year = {2023},
  doi = {10.3390/encyclopedia3020042},
}
@article{kumari2023comparative,
  author = {Kumari, Milan and Godara, Sunila and Kinoshita, Aoki},
  title = {Comparative Study of Data Mining Classification Methods in Cardiovascular Disease Prediction},
  journal = {IJCST},
  volume = {2},
  pages = {304--308},
}
@inproceedings{yanwei2007combination,
  author = {Yanwei, X. and Wang, J. and Zhao, Z. and Gao, Y.},
  title = {Combination Data Mining Models with New Medical Data to Predict Outcome of Coronary Heart Disease},
  booktitle = {Proceedings International Conference on Convergence Information Technology},
  year = {2007},
  pages = {868--872}
}
@inproceedings{seema2016predictive,
  author = {Shedole, S. Seema and Deepika, Kumari},
  title = {Predictive analytics to prevent and control chronic disease},
  booktitle = {Proceedings of the Conference Name},
  year = {2016},
  url = {https://www.researchgate.net/publication/316530782},
}

@article{shetty2016different,
  author = {Shetty, Ashwini A and Naik, Chandra},
  title = {Different Data Mining Approaches for Predicting Heart Disease},
  journal = {International Journal of Innovative in Science Engineering and Technology},
  volume = {5},
  year = {2016},
  pages = {277--281},
  month = {May},
}
@article{pal2021prediction,
  author = {Pal, Madhumita and Parija, Smita},
  title = {Prediction of Heart Diseases using Random Forest},
  journal = {Journal of Physics: Conference Series},
  volume = {1817},
  year = {2021},
  pages = {012009},
  doi = {10.1088/1742-6596/1817/1/012009},
}
@article{rankovic2023ensemble,
  title={Ensemble model for predicting chronic non-communicable diseases using Latin square extraction and fuzzy-artificial neural networks from 2013 to 2019},
  author={Rankovic, N and Rankovic, D and Lukic, I and Savic, N and Jovanovic, V},
  journal={Heliyon},
  volume={9},
  number={11},
  pages={e22561},
  year={2023},
  month={Nov},
  doi={10.1016/j.heliyon.2023.e22561},
  PMID={38034797},
  PMCID={PMC10687296}
}

@article{beghdadi2020effect,
  title={The Effect of Training and Testing Process on Machine Learning in Biomedical Datasets},
  author={Beghdadi, Azeddine and Uçar, Muhammed Kürşad and Nour, Majid and Sindi, Hatem and Polat, Kemal},
  journal={Mathematical Problems in Engineering},
  volume={2020},
  pages={2836236},
  year={2020},
  publisher={Hindawi},
  doi={10.1155/2020/2836236}
}





